<?xml version="1.0" encoding="UTF-8"?><collection xmlns="http://www.loc.gov/MARC21/slim"><record><leader>00534nam--2200193-i-4500</leader><controlfield tag="001">000022547</controlfield><controlfield tag="002">20161230</controlfield><controlfield tag="005">20161230201034</controlfield><controlfield tag="008">060222s1000------------r-----000-0-ger-d</controlfield><datafield ind1=" " ind2=" " tag="040"><subfield code="a">IFIN-HH</subfield></datafield><datafield ind1=" " ind2=" " tag="041"><subfield code="a">ger</subfield></datafield><datafield ind1=" " ind2=" " tag="080"><subfield code="a">537.533.35</subfield></datafield><datafield ind1="1" ind2=" " tag="100"><subfield code="a">Picht, Johannes</subfield></datafield><datafield ind1="1" ind2="0" tag="245"><subfield code="a">Einfuhrung in die elektronenmikroskopie</subfield><subfield code="c">Johhanes picht, johannes heydenreich</subfield></datafield><datafield ind1=" " ind2=" " tag="260"><subfield code="a">Berlin</subfield><subfield code="b">Veb Verlag Technikberlin</subfield><subfield code="c">1966</subfield></datafield><datafield ind1=" " ind2=" " tag="300"><subfield code="a">400 P</subfield></datafield><datafield ind1="1" ind2=" " tag="700"><subfield code="a">Heydenreich, Johannes</subfield></datafield><datafield ind1=" " ind2=" " tag="852"><subfield code="a">24759</subfield><subfield code="c">c537.533.35</subfield></datafield><datafield ind1=" " ind2=" " tag="CAT"><subfield code="a">Sys</subfield><subfield code="c">20110902</subfield><subfield code="h">124858</subfield></datafield></record></collection>